@article{litwitter,
  title={Research on twitter rumor standpoint analysis based on machine learning},
  author={Li, Qiao and Liu, Yu},
  journal={ISBN/ISSN: 1674-6236},
  year={2019}
}
@article{liu2015rumors,
  title={Statistical and semantic analysis of rumors in Chinese social media},
  author={Liu, Zhiyuan and Zhang, Le and Tu, Cunchao and Sun, Maosong},
  journal={Scientia Sinica Informationis},
  volume={45},
  number={12},
  pages={1536},
  year={2015}
}
@article{song2018ced,
  title={CED: Credible Early Detection of Social Media Rumors},
  author={Song, Changhe and Tu, Cunchao and Yang, Cheng and Liu, Zhiyuan and Sun, Maosong},
  journal={arXiv: 1811.04175},
  year={2018}
}